@inproceedings{LiFergusPerona04, 
author={L. Fei-Fei and R. Fergus and Pietro Perona}, 
title={Learning Generative Visual Models From Few Training Examples: An Incremental Bayesian Approach Tested on 101 Object Categories}, 
journal={IEEE CVPR Workshop of Generative Model Based Vision (WGMBV)}, 
year={2004}, 
}